<record><leader>00000cas a22000007a 4500</leader><controlfield tag="001">13286468</controlfield><controlfield tag="008">860312d18771918wiuwr ne      0    0eng d</controlfield><datafield ind1=" " ind2=" " tag="010"><subfield code="a">sn 86086133 </subfield></datafield><datafield ind1=" " ind2=" " tag="040"><subfield code="a">NPV</subfield><subfield code="b">eng</subfield><subfield code="c">NPV</subfield><subfield code="d">OCLCQ</subfield></datafield><datafield ind1=" " ind2=" " tag="042"><subfield code="a">msc</subfield></datafield><datafield ind1=" " ind2=" " tag="045"><subfield code="a">w7x1</subfield></datafield><datafield ind1=" " ind2=" " tag="052"><subfield code="a">4123</subfield><subfield code="b">P4</subfield></datafield><datafield ind1="0" ind2="0" tag="245"><subfield code="a">Pepin County courier.</subfield></datafield><datafield ind1="1" ind2="3" tag="246"><subfield code="a">Pepin Co. courier</subfield></datafield><datafield ind1="1" ind2="3" tag="246"><subfield code="a">Courier</subfield></datafield><datafield ind1="1" ind2="3" tag="246"><subfield code="a">Pepin Co. times and courier</subfield></datafield><datafield ind1=" " ind2=" " tag="260"><subfield code="a">Durand, Wis. :</subfield><subfield code="b">W.H. Huntington,</subfield><subfield code="c">1877-</subfield></datafield><datafield ind1=" " ind2=" " tag="300"><subfield code="a">v. :</subfield><subfield code="b">ill.</subfield></datafield><datafield ind1=" " ind2=" " tag="310"><subfield code="a">Weekly</subfield></datafield><datafield ind1="0" ind2=" " tag="362"><subfield code="a">Vol. 1, no. 1 (Dec. 15 [i.e. 22], 1877)-</subfield></datafield><datafield ind1="1" ind2=" " tag="362"><subfield code="a">Ceased with Apr. 25, 1918 issue?</subfield></datafield><datafield ind1=" " ind2=" " tag="500"><subfield code="a">Publisher varies.</subfield></datafield><datafield ind1=" " ind2=" " tag="500"><subfield code="a">Added masthead: Pepin Co. Times and Courier, Vol. 2, no. 1 (Dec. 20, 1878)--v. 2, no. 52 (Dec. 12, 1879).</subfield></datafield><datafield ind1=" " ind2=" " tag="500"><subfield code="a">Editor: W.H. Huntington, Dec. 22, 1877-Dec. 12, 1879.</subfield></datafield><datafield ind1=" " ind2=" " tag="525"><subfield code="a">Supplements accompany some issues.</subfield></datafield><datafield ind1=" " ind2=" " tag="530"><subfield code="a">Available on microfilm from The State Historical Society of Wisconsin.</subfield></datafield><datafield ind1=" " ind2=" " tag="752"><subfield code="a">United States</subfield><subfield code="b">Wisconsin</subfield><subfield code="c">Pepin</subfield><subfield code="d">Durand.</subfield></datafield><datafield ind1="0" ind2="4" tag="780"><subfield code="t">Durand weekly times</subfield><subfield code="w">(DLC)sn 85033020</subfield></datafield><datafield ind1="0" ind2="4" tag="780"><subfield code="t">Pepin County news</subfield><subfield code="w">(DLC)sn 85041283</subfield></datafield><datafield ind1="0" ind2="5" tag="785"><subfield code="t">Entering wedge</subfield><subfield code="w">(DLC)sn 85041285</subfield></datafield><datafield ind1="1" ind2=" " tag="029"><subfield code="a">AU@</subfield><subfield code="b">000025823851</subfield></datafield></record>